[
  {
    "__type__": "cc.Prefab",
    "_name": "",
    "_objFlags": 0,
    "_native": "",
    "data": {
      "__id__": 1
    },
    "optimizationPolicy": 0,
    "asyncLoadAssets": false,
    "readonly": false
  },
  {
    "__type__": "cc.Node",
    "_name": "door",
    "_objFlags": 0,
    "_parent": null,
    "_children": [
      {
        "__id__": 2
      },
      {
        "__id__": 5
      },
      {
        "__id__": 8
      },
      {
        "__id__": 11
      },
      {
        "__id__": 14
      }
    ],
    "_active": true,
    "_components": [
      {
        "__id__": 17
      },
      {
        "__id__": 18
      },
      {
        "__id__": 19
      }
    ],
    "_prefab": {
      "__id__": 20
    },
    "_opacity": 255,
    "_color": {
      "__type__": "cc.Color",
      "r": 255,
      "g": 255,
      "b": 255,
      "a": 255
    },
    "_contentSize": {
      "__type__": "cc.Size",
      "width": 0,
      "height": 0
    },
    "_anchorPoint": {
      "__type__": "cc.Vec2",
      "x": 0.5,
      "y": 0.5
    },
    "_trs": {
      "__type__": "TypedArray",
      "ctor": "Float64Array",
      "array": [
        0,
        0,
        0,
        0,
        0,
        0,
        1,
        1,
        1,
        1
      ]
    },
    "_eulerAngles": {
      "__type__": "cc.Vec3",
      "x": 0,
      "y": 0,
      "z": 0
    },
    "_skewX": 0,
    "_skewY": 0,
    "_is3DNode": false,
    "_groupIndex": 0,
    "groupIndex": 0,
    "_id": ""
  },
  {
    "__type__": "cc.Node",
    "_name": "jump",
    "_objFlags": 0,
    "_parent": {
      "__id__": 1
    },
    "_children": [],
    "_active": true,
    "_components": [
      {
        "__id__": 3
      }
    ],
    "_prefab": {
      "__id__": 4
    },
    "_opacity": 255,
    "_color": {
      "__type__": "cc.Color",
      "r": 255,
      "g": 255,
      "b": 255,
      "a": 255
    },
    "_contentSize": {
      "__type__": "cc.Size",
      "width": 0,
      "height": 0
    },
    "_anchorPoint": {
      "__type__": "cc.Vec2",
      "x": 0.5,
      "y": 0.5
    },
    "_trs": {
      "__type__": "TypedArray",
      "ctor": "Float64Array",
      "array": [
        4118.131,
        -1516.474,
        0,
        0,
        0,
        0,
        1,
        1.29999,
        1.29999,
        1
      ]
    },
    "_eulerAngles": {
      "__type__": "cc.Vec3",
      "x": 0,
      "y": 0,
      "z": 0
    },
    "_skewX": 0,
    "_skewY": 0,
    "_is3DNode": false,
    "_groupIndex": 0,
    "groupIndex": 0,
    "_id": ""
  },
  {
    "__type__": "cc.ParticleSystem",
    "_name": "",
    "_objFlags": 0,
    "node": {
      "__id__": 2
    },
    "_enabled": true,
    "_materials": [
      {
        "__uuid__": "eca5d2f2-8ef6-41c2-bbe6-f9c79d09c432"
      }
    ],
    "_srcBlendFactor": 770,
    "_dstBlendFactor": 1,
    "_custom": true,
    "_file": {
      "__uuid__": "f335b458-3812-4e99-b2bf-25df56c5bc5e"
    },
    "_spriteFrame": {
      "__uuid__": "472df5d3-35e7-4184-9e6c-7f41bee65ee3"
    },
    "_texture": {
      "__uuid__": "d0a82d39-bede-46c4-b698-c81ff0dedfff"
    },
    "_stopped": false,
    "playOnLoad": true,
    "autoRemoveOnFinish": false,
    "totalParticles": 90,
    "duration": -1,
    "emissionRate": 140,
    "life": 1.1,
    "lifeVar": 0.4,
    "_startColor": {
      "__type__": "cc.Color",
      "r": 255,
      "g": 255,
      "b": 255,
      "a": 255
    },
    "_startColorVar": {
      "__type__": "cc.Color",
      "r": 255,
      "g": 255,
      "b": 255,
      "a": 25
    },
    "_endColor": {
      "__type__": "cc.Color",
      "r": 255,
      "g": 255,
      "b": 255,
      "a": 255
    },
    "_endColorVar": {
      "__type__": "cc.Color",
      "r": 255,
      "g": 255,
      "b": 255,
      "a": 0
    },
    "angle": 0,
    "angleVar": 0,
    "startSize": 20,
    "startSizeVar": 0,
    "endSize": 20,
    "endSizeVar": 0,
    "startSpin": 720,
    "startSpinVar": 0,
    "endSpin": 0,
    "endSpinVar": 0,
    "sourcePos": {
      "__type__": "cc.Vec2",
      "x": 0,
      "y": 0
    },
    "posVar": {
      "__type__": "cc.Vec2",
      "x": 40,
      "y": -20
    },
    "_positionType": 2,
    "positionType": 2,
    "emitterMode": 1,
    "gravity": {
      "__type__": "cc.Vec2",
      "x": 11,
      "y": 112
    },
    "speed": 211,
    "speedVar": 5,
    "tangentialAccel": 0,
    "tangentialAccelVar": 0,
    "radialAccel": 0,
    "radialAccelVar": 0,
    "rotationIsDir": false,
    "startRadius": 60,
    "startRadiusVar": 0,
    "endRadius": 0,
    "endRadiusVar": 0,
    "rotatePerS": 0,
    "rotatePerSVar": 0,
    "_N$preview": true,
    "_id": ""
  },
  {
    "__type__": "cc.PrefabInfo",
    "root": {
      "__id__": 1
    },
    "asset": {
      "__id__": 0
    },
    "fileId": "02hM2udn9LPIKddefLgxUR",
    "sync": false
  },
  {
    "__type__": "cc.Node",
    "_name": "jump",
    "_objFlags": 0,
    "_parent": {
      "__id__": 1
    },
    "_children": [],
    "_active": true,
    "_components": [
      {
        "__id__": 6
      }
    ],
    "_prefab": {
      "__id__": 7
    },
    "_opacity": 255,
    "_color": {
      "__type__": "cc.Color",
      "r": 255,
      "g": 255,
      "b": 255,
      "a": 255
    },
    "_contentSize": {
      "__type__": "cc.Size",
      "width": 0,
      "height": 0
    },
    "_anchorPoint": {
      "__type__": "cc.Vec2",
      "x": 0.5,
      "y": 0.5
    },
    "_trs": {
      "__type__": "TypedArray",
      "ctor": "Float64Array",
      "array": [
        5542.152,
        -75.671,
        0,
        0,
        0,
        0,
        1,
        1.29999,
        1.29999,
        1
      ]
    },
    "_eulerAngles": {
      "__type__": "cc.Vec3",
      "x": 0,
      "y": 0,
      "z": 0
    },
    "_skewX": 0,
    "_skewY": 0,
    "_is3DNode": false,
    "_groupIndex": 0,
    "groupIndex": 0,
    "_id": ""
  },
  {
    "__type__": "cc.ParticleSystem",
    "_name": "",
    "_objFlags": 0,
    "node": {
      "__id__": 5
    },
    "_enabled": true,
    "_materials": [
      {
        "__uuid__": "eca5d2f2-8ef6-41c2-bbe6-f9c79d09c432"
      }
    ],
    "_srcBlendFactor": 770,
    "_dstBlendFactor": 1,
    "_custom": true,
    "_file": {
      "__uuid__": "f335b458-3812-4e99-b2bf-25df56c5bc5e"
    },
    "_spriteFrame": {
      "__uuid__": "472df5d3-35e7-4184-9e6c-7f41bee65ee3"
    },
    "_texture": {
      "__uuid__": "d0a82d39-bede-46c4-b698-c81ff0dedfff"
    },
    "_stopped": false,
    "playOnLoad": true,
    "autoRemoveOnFinish": false,
    "totalParticles": 90,
    "duration": -1,
    "emissionRate": 140,
    "life": 1.1,
    "lifeVar": 0.4,
    "_startColor": {
      "__type__": "cc.Color",
      "r": 255,
      "g": 255,
      "b": 255,
      "a": 255
    },
    "_startColorVar": {
      "__type__": "cc.Color",
      "r": 247,
      "g": 247,
      "b": 247,
      "a": 25
    },
    "_endColor": {
      "__type__": "cc.Color",
      "r": 255,
      "g": 255,
      "b": 255,
      "a": 255
    },
    "_endColorVar": {
      "__type__": "cc.Color",
      "r": 255,
      "g": 255,
      "b": 255,
      "a": 0
    },
    "angle": 0,
    "angleVar": 0,
    "startSize": 20,
    "startSizeVar": 0,
    "endSize": 20,
    "endSizeVar": 0,
    "startSpin": 720,
    "startSpinVar": 0,
    "endSpin": 0,
    "endSpinVar": 0,
    "sourcePos": {
      "__type__": "cc.Vec2",
      "x": 0,
      "y": 0
    },
    "posVar": {
      "__type__": "cc.Vec2",
      "x": 40,
      "y": -20
    },
    "_positionType": 2,
    "positionType": 2,
    "emitterMode": 1,
    "gravity": {
      "__type__": "cc.Vec2",
      "x": 11,
      "y": 112
    },
    "speed": 211,
    "speedVar": 5,
    "tangentialAccel": 0,
    "tangentialAccelVar": 0,
    "radialAccel": 0,
    "radialAccelVar": 0,
    "rotationIsDir": false,
    "startRadius": 70,
    "startRadiusVar": 0,
    "endRadius": 0,
    "endRadiusVar": 0,
    "rotatePerS": 0,
    "rotatePerSVar": 0,
    "_N$preview": true,
    "_id": ""
  },
  {
    "__type__": "cc.PrefabInfo",
    "root": {
      "__id__": 1
    },
    "asset": {
      "__id__": 0
    },
    "fileId": "45uLDxaflGgbSzneChKTpV",
    "sync": false
  },
  {
    "__type__": "cc.Node",
    "_name": "enemykill",
    "_objFlags": 0,
    "_parent": {
      "__id__": 1
    },
    "_children": [],
    "_active": true,
    "_components": [
      {
        "__id__": 9
      }
    ],
    "_prefab": {
      "__id__": 10
    },
    "_opacity": 255,
    "_color": {
      "__type__": "cc.Color",
      "r": 255,
      "g": 255,
      "b": 255,
      "a": 255
    },
    "_contentSize": {
      "__type__": "cc.Size",
      "width": 0,
      "height": 0
    },
    "_anchorPoint": {
      "__type__": "cc.Vec2",
      "x": 0.5,
      "y": 0.5
    },
    "_trs": {
      "__type__": "TypedArray",
      "ctor": "Float64Array",
      "array": [
        6199.01601,
        500.00099,
        0,
        0,
        0,
        0,
        1,
        1.29999,
        1.29999,
        1.29999
      ]
    },
    "_eulerAngles": {
      "__type__": "cc.Vec3",
      "x": 0,
      "y": 0,
      "z": 0
    },
    "_skewX": 0,
    "_skewY": 0,
    "_is3DNode": false,
    "_groupIndex": 0,
    "groupIndex": 0,
    "_id": ""
  },
  {
    "__type__": "cc.ParticleSystem",
    "_name": "",
    "_objFlags": 0,
    "node": {
      "__id__": 8
    },
    "_enabled": true,
    "_materials": [
      {
        "__uuid__": "eca5d2f2-8ef6-41c2-bbe6-f9c79d09c432"
      }
    ],
    "_srcBlendFactor": 770,
    "_dstBlendFactor": 1,
    "_custom": true,
    "_file": {
      "__uuid__": "f335b458-3812-4e99-b2bf-25df56c5bc5e"
    },
    "_spriteFrame": {
      "__uuid__": "472df5d3-35e7-4184-9e6c-7f41bee65ee3"
    },
    "_texture": {
      "__uuid__": "d0a82d39-bede-46c4-b698-c81ff0dedfff"
    },
    "_stopped": false,
    "playOnLoad": true,
    "autoRemoveOnFinish": false,
    "totalParticles": 90,
    "duration": -1,
    "emissionRate": 140,
    "life": 1.1,
    "lifeVar": 0.4,
    "_startColor": {
      "__type__": "cc.Color",
      "r": 230,
      "g": 129,
      "b": 28,
      "a": 255
    },
    "_startColorVar": {
      "__type__": "cc.Color",
      "r": 12,
      "g": 12,
      "b": 227,
      "a": 25
    },
    "_endColor": {
      "__type__": "cc.Color",
      "r": 188,
      "g": 25,
      "b": 159,
      "a": 255
    },
    "_endColorVar": {
      "__type__": "cc.Color",
      "r": 0,
      "g": 0,
      "b": 0,
      "a": 0
    },
    "angle": 0,
    "angleVar": 0,
    "startSize": 20,
    "startSizeVar": 0,
    "endSize": 20,
    "endSizeVar": 0,
    "startSpin": 720,
    "startSpinVar": 0,
    "endSpin": 0,
    "endSpinVar": 0,
    "sourcePos": {
      "__type__": "cc.Vec2",
      "x": 0,
      "y": 0
    },
    "posVar": {
      "__type__": "cc.Vec2",
      "x": 40,
      "y": -20
    },
    "_positionType": 2,
    "positionType": 2,
    "emitterMode": 1,
    "gravity": {
      "__type__": "cc.Vec2",
      "x": 11,
      "y": 112
    },
    "speed": 211,
    "speedVar": 5,
    "tangentialAccel": 0,
    "tangentialAccelVar": 0,
    "radialAccel": 0,
    "radialAccelVar": 0,
    "rotationIsDir": false,
    "startRadius": 60,
    "startRadiusVar": 0,
    "endRadius": 0,
    "endRadiusVar": 0,
    "rotatePerS": 0,
    "rotatePerSVar": 0,
    "_N$preview": true,
    "_id": ""
  },
  {
    "__type__": "cc.PrefabInfo",
    "root": {
      "__id__": 1
    },
    "asset": {
      "__id__": 0
    },
    "fileId": "503LWJ7bFPbojlfOnlm3Ul",
    "sync": false
  },
  {
    "__type__": "cc.Node",
    "_name": "enemykill",
    "_objFlags": 0,
    "_parent": {
      "__id__": 1
    },
    "_children": [],
    "_active": true,
    "_components": [
      {
        "__id__": 12
      }
    ],
    "_prefab": {
      "__id__": 13
    },
    "_opacity": 255,
    "_color": {
      "__type__": "cc.Color",
      "r": 255,
      "g": 255,
      "b": 255,
      "a": 255
    },
    "_contentSize": {
      "__type__": "cc.Size",
      "width": 0,
      "height": 0
    },
    "_anchorPoint": {
      "__type__": "cc.Vec2",
      "x": 0.5,
      "y": 0.5
    },
    "_trs": {
      "__type__": "TypedArray",
      "ctor": "Float64Array",
      "array": [
        9345.743,
        -5113.276,
        0,
        0,
        0,
        0,
        1,
        2,
        1.29999,
        1
      ]
    },
    "_eulerAngles": {
      "__type__": "cc.Vec3",
      "x": 0,
      "y": 0,
      "z": 0
    },
    "_skewX": 0,
    "_skewY": 0,
    "_is3DNode": false,
    "_groupIndex": 0,
    "groupIndex": 0,
    "_id": ""
  },
  {
    "__type__": "cc.ParticleSystem",
    "_name": "",
    "_objFlags": 0,
    "node": {
      "__id__": 11
    },
    "_enabled": true,
    "_materials": [
      {
        "__uuid__": "eca5d2f2-8ef6-41c2-bbe6-f9c79d09c432"
      }
    ],
    "_srcBlendFactor": 770,
    "_dstBlendFactor": 1,
    "_custom": true,
    "_file": {
      "__uuid__": "f335b458-3812-4e99-b2bf-25df56c5bc5e"
    },
    "_spriteFrame": {
      "__uuid__": "472df5d3-35e7-4184-9e6c-7f41bee65ee3"
    },
    "_texture": {
      "__uuid__": "d0a82d39-bede-46c4-b698-c81ff0dedfff"
    },
    "_stopped": false,
    "playOnLoad": true,
    "autoRemoveOnFinish": false,
    "totalParticles": 90,
    "duration": -1,
    "emissionRate": 140,
    "life": 1.1,
    "lifeVar": 0.4,
    "_startColor": {
      "__type__": "cc.Color",
      "r": 230,
      "g": 129,
      "b": 28,
      "a": 255
    },
    "_startColorVar": {
      "__type__": "cc.Color",
      "r": 12,
      "g": 12,
      "b": 227,
      "a": 25
    },
    "_endColor": {
      "__type__": "cc.Color",
      "r": 188,
      "g": 25,
      "b": 159,
      "a": 255
    },
    "_endColorVar": {
      "__type__": "cc.Color",
      "r": 0,
      "g": 0,
      "b": 0,
      "a": 0
    },
    "angle": 0,
    "angleVar": 0,
    "startSize": 20,
    "startSizeVar": 0,
    "endSize": 20,
    "endSizeVar": 0,
    "startSpin": 720,
    "startSpinVar": 0,
    "endSpin": 0,
    "endSpinVar": 0,
    "sourcePos": {
      "__type__": "cc.Vec2",
      "x": 0,
      "y": 0
    },
    "posVar": {
      "__type__": "cc.Vec2",
      "x": 40,
      "y": -20
    },
    "_positionType": 2,
    "positionType": 2,
    "emitterMode": 1,
    "gravity": {
      "__type__": "cc.Vec2",
      "x": 11,
      "y": 112
    },
    "speed": 211,
    "speedVar": 5,
    "tangentialAccel": 0,
    "tangentialAccelVar": 0,
    "radialAccel": 0,
    "radialAccelVar": 0,
    "rotationIsDir": false,
    "startRadius": 60,
    "startRadiusVar": 0,
    "endRadius": 0,
    "endRadiusVar": 0,
    "rotatePerS": 0,
    "rotatePerSVar": 0,
    "_N$preview": true,
    "_id": ""
  },
  {
    "__type__": "cc.PrefabInfo",
    "root": {
      "__id__": 1
    },
    "asset": {
      "__id__": 0
    },
    "fileId": "fasS/pIfVMN7ZpULUcK8iZ",
    "sync": false
  },
  {
    "__type__": "cc.Node",
    "_name": "enemykill",
    "_objFlags": 0,
    "_parent": {
      "__id__": 1
    },
    "_children": [],
    "_active": true,
    "_components": [
      {
        "__id__": 15
      }
    ],
    "_prefab": {
      "__id__": 16
    },
    "_opacity": 255,
    "_color": {
      "__type__": "cc.Color",
      "r": 255,
      "g": 255,
      "b": 255,
      "a": 255
    },
    "_contentSize": {
      "__type__": "cc.Size",
      "width": 0,
      "height": 0
    },
    "_anchorPoint": {
      "__type__": "cc.Vec2",
      "x": 0.5,
      "y": 0.5
    },
    "_trs": {
      "__type__": "TypedArray",
      "ctor": "Float64Array",
      "array": [
        12287.802,
        -7897.728,
        0,
        0,
        0,
        0,
        1,
        2,
        1.29999,
        1
      ]
    },
    "_eulerAngles": {
      "__type__": "cc.Vec3",
      "x": 0,
      "y": 0,
      "z": 0
    },
    "_skewX": 0,
    "_skewY": 0,
    "_is3DNode": false,
    "_groupIndex": 0,
    "groupIndex": 0,
    "_id": ""
  },
  {
    "__type__": "cc.ParticleSystem",
    "_name": "",
    "_objFlags": 0,
    "node": {
      "__id__": 14
    },
    "_enabled": true,
    "_materials": [
      {
        "__uuid__": "eca5d2f2-8ef6-41c2-bbe6-f9c79d09c432"
      }
    ],
    "_srcBlendFactor": 770,
    "_dstBlendFactor": 1,
    "_custom": true,
    "_file": {
      "__uuid__": "f335b458-3812-4e99-b2bf-25df56c5bc5e"
    },
    "_spriteFrame": {
      "__uuid__": "472df5d3-35e7-4184-9e6c-7f41bee65ee3"
    },
    "_texture": {
      "__uuid__": "d0a82d39-bede-46c4-b698-c81ff0dedfff"
    },
    "_stopped": false,
    "playOnLoad": true,
    "autoRemoveOnFinish": false,
    "totalParticles": 90,
    "duration": -1,
    "emissionRate": 140,
    "life": 1.1,
    "lifeVar": 0.4,
    "_startColor": {
      "__type__": "cc.Color",
      "r": 230,
      "g": 129,
      "b": 28,
      "a": 255
    },
    "_startColorVar": {
      "__type__": "cc.Color",
      "r": 12,
      "g": 12,
      "b": 227,
      "a": 25
    },
    "_endColor": {
      "__type__": "cc.Color",
      "r": 188,
      "g": 25,
      "b": 159,
      "a": 255
    },
    "_endColorVar": {
      "__type__": "cc.Color",
      "r": 0,
      "g": 0,
      "b": 0,
      "a": 0
    },
    "angle": 0,
    "angleVar": 0,
    "startSize": 20,
    "startSizeVar": 0,
    "endSize": 20,
    "endSizeVar": 0,
    "startSpin": 720,
    "startSpinVar": 0,
    "endSpin": 0,
    "endSpinVar": 0,
    "sourcePos": {
      "__type__": "cc.Vec2",
      "x": 0,
      "y": 0
    },
    "posVar": {
      "__type__": "cc.Vec2",
      "x": 40,
      "y": -20
    },
    "_positionType": 2,
    "positionType": 2,
    "emitterMode": 1,
    "gravity": {
      "__type__": "cc.Vec2",
      "x": 11,
      "y": 112
    },
    "speed": 211,
    "speedVar": 5,
    "tangentialAccel": 0,
    "tangentialAccelVar": 0,
    "radialAccel": 0,
    "radialAccelVar": 0,
    "rotationIsDir": false,
    "startRadius": 60,
    "startRadiusVar": 0,
    "endRadius": 0,
    "endRadiusVar": 0,
    "rotatePerS": 0,
    "rotatePerSVar": 0,
    "_N$preview": true,
    "_id": ""
  },
  {
    "__type__": "cc.PrefabInfo",
    "root": {
      "__id__": 1
    },
    "asset": {
      "__id__": 0
    },
    "fileId": "6biwXHdFJO0Zpb8CjPFLFh",
    "sync": false
  },
  {
    "__type__": "cc.RigidBody",
    "_name": "",
    "_objFlags": 0,
    "node": {
      "__id__": 1
    },
    "_enabled": true,
    "_type": 0,
    "_allowSleep": true,
    "_gravityScale": 1,
    "_linearDamping": 0,
    "_angularDamping": 0,
    "_linearVelocity": {
      "__type__": "cc.Vec2",
      "x": 0,
      "y": 0
    },
    "_angularVelocity": 0,
    "_fixedRotation": false,
    "enabledContactListener": true,
    "bullet": false,
    "awakeOnLoad": true,
    "_id": ""
  },
  {
    "__type__": "cc.PhysicsBoxCollider",
    "_name": "",
    "_objFlags": 0,
    "node": {
      "__id__": 1
    },
    "_enabled": true,
    "tag": 6,
    "_density": 1,
    "_sensor": false,
    "_friction": 0.2,
    "_restitution": 0,
    "body": null,
    "_offset": {
      "__type__": "cc.Vec2",
      "x": 4078.9,
      "y": -1530.3
    },
    "_size": {
      "__type__": "cc.Size",
      "width": 79.8,
      "height": 26.2
    },
    "_id": ""
  },
  {
    "__type__": "cc.PhysicsBoxCollider",
    "_name": "",
    "_objFlags": 0,
    "node": {
      "__id__": 1
    },
    "_enabled": true,
    "tag": 6,
    "_density": 1,
    "_sensor": false,
    "_friction": 0.2,
    "_restitution": 0,
    "body": null,
    "_offset": {
      "__type__": "cc.Vec2",
      "x": 5496.8,
      "y": -104.6
    },
    "_size": {
      "__type__": "cc.Size",
      "width": 84.7,
      "height": 41.8
    },
    "_id": ""
  },
  {
    "__type__": "cc.PrefabInfo",
    "root": {
      "__id__": 1
    },
    "asset": {
      "__id__": 0
    },
    "fileId": "87SiR4+vJF45YKlcOiyPcO",
    "sync": false
  }
]